@article{einstein,
    author =       "Albert Einstein",
    title =        "{Zur Elektrodynamik bewegter K{\"o}rper}. ({German})
        [{On} the electrodynamics of moving bodies]",
    journal =      "Annalen der Physik",
    volume =       "322",
    number =       "10",
    pages =        "891--921",
    year =         "1905",
    DOI =          "http://dx.doi.org/10.1002/andp.19053221004"
}
 
@book{latexcompanion,
    author    = "Michel Goossens and Frank Mittelbach and Alexander Samarin",
    title     = "The \LaTeX\ Companion",
    year      = "1993",
    publisher = "Addison-Wesley",
    address   = "Reading, Massachusetts"
}

@book{knuth99,
    author    = "Donald E. Knuth",
    title     = "Digital Typography",
    year      = "1999",
    publisher = "The Center for the Study of Language and Information",
    series    = "CLSI Lecture Notes (78)"
}
 
@misc{knuthwebsite,
    author    = "Donald Knuth",
    title     = "Knuth: Computers and Typesetting",
    url       = "http://www-cs-faculty.stanford.edu/~knuth/abcde.html"
}

@TECHREPORT{erkio01,
  AUTHOR  = "Erkiö, H. and Mäkelä, M. and Nykänen, M. and Verkamo, I.",
  TITLE   = "Opinnäytetyän ulkoasun malli.",
  INSTITUTION = "Tietojenkäsittelyopin laitos",
  YEAR        = 2001,
  TYPE        = "Tieteellisen kirjoittamisen kurssiin
                 liittyvä julkaisematon moniste",
  ADDRESS     = "Helsinki"
  }



@ARTICLE{crowdenetal79,
  AUTHOR  = "Crowder, H. and Dembo, R.S. and Mulvey, J.M.",
  TITLE   = "On reporting computational experiments
             with mathematical software",
  JOURNAL = "{ACM} Transactions on Mathematical Software",
  YEAR    = 1979,
  VOLUME  = 5,
  NUMBER  = 2,
  PAGES   = "193--203"
  }

@INPROCEEDINGS{dantowsley90,
  AUTHOR       = "Dan, A. and Towsley, D.",
  TITLE        = "An approximate analysis of the {LRU} and {FIFO}
                  buffer replacement schemes",
  BOOKTITLE    = "Proc. {ACM} Conf.\ Measurement and
                  Modeling of Computer Systems",
  YEAR         = 1990,
  PAGES        = "143--152",
  ADDRESS      = "Boulder, Colorado, {USA}",
  MONTH        = may
  }

@TECHREPORT{erkio94,
  AUTHOR      = "Erkiö, H.",
  TITLE   = "Opinnäytetyän ulkoasun malli.",
  INSTITUTION = "Tietojenkäsittelyopin laitos",
  YEAR        = 1994,
  TYPE        = "Tieteellisen kirjoittamisen kurssiin
                 liittyvä julkaisematon moniste",
  ADDRESS     = "Helsinki"
  }

@TECHREPORT{erkiomakela96,
  AUTHOR      = "Erkiö, H. and Mäkelä, M.",
  TITLE       = "Opinnäytetyän ulkoasun malli",
  INSTITUTION = "Tietojenkäsittelytieteen laitos",
  YEAR        = 1996,
  TYPE        = "Tieteellisen kirjoittamisen kurssiin
                 liittyvä julkaisematon moniste",
  ADDRESS     = "Helsinki"
  }

@BOOK{fogelbergetal89,
  AUTHOR    = "Fogelberg, P. and Herranen, M. and Sinikara, K.",
  TITLE     = "Tuumasta toimeen, tutkielman tekijän opas",
  PUBLISHER = "Yliopistopaino",
  YEAR      = 1989,
  ADDRESS   = "Helsinki"
  }

@INCOLLECTION{gannonetal89,
  AUTHOR    = "Gannon, D. and others",
  TITLE     = "Programming environments for parallel algorithms",
  BOOKTITLE = "Parallel and Distributed Algorithms",
  YEAR      = 1989,
  EDITOR    = "M. Cosnard and others",
  publisher    = "North-Holland",
  PAGES     = "101--108"
  }

@BOOK{grimm87,
  AUTHOR    = "Grimm, S. S.",
  TITLE     = "How to write computer documentation for users",
  PUBLISHER = "Van Nostrand Reinhold Co.",
  YEAR      = 1987,
  ADDRESS   = "New York"
  }

@BOOK{harkinsplung82,
  EDITOR    = "Harkins, C. and Plung, D. L.",
  TITLE     = "A guide for writing better technical papers",
  PUBLISHER = "IEEE Press",
  YEAR      = 1982}

@TECHREPORT{julkohj81,
  AUTHOR      = "{Helsingin yliopisto}",
  TITLE       = "Julkaisusarjoja ja opinnäytteiden tiivistelmiä
                 koskevat ohjeet ja suositukset",
  YEAR        = 1981,
  TYPE        = "Helsingin yliopiston kirjastolaitoksen julkaisu {A 3}",
  ADDRESS     = "Helsinki"
  }

@WWW-MISC{kilpelainen00,
  AUTHOR       = "Kilpeläinen, P.",
  TITLE        = "{WWW}-lähteisiin viittaaminen tutkielmatekstissä",
  URL          = "http://www.cs.helsinki.fi/u/kilpelai/TiKi/wwwlahteet.html",
  YEAR         =  2000,
  TYPE        = "Tieteellisen kirjoittamisen kurssiin
                 liittyvä julkaisematon moniste",
  VALID        =  "19.1.2000"
  }

@ARTICLE{smith78a,
  AUTHOR  = "Smith, A. J.",
  TITLE   = "Sequentiality and prefetching in database systems",
  JOURNAL = "{ACM} Transactions on Database Systems",
  YEAR    = 1978,
  VOLUME  = 3,
  NUMBER  = 3,
  PAGES   = "223--247"
  }

@ARTICLE{smith78b,
  AUTHOR  = "Smith, A. J.",
  TITLE   = "Sequential program prefetching in memory hierarchies",
  JOURNAL = "Computer",
  YEAR    = 1978,
  VOLUME  = 11,
  NUMBER  = 11,
  PAGES   = "7--21"
  }

@TECHREPORT{verkamo92,
  AUTHOR      = "Verkamo, A. I.",
  TITLE       = "Opinnäytetyän ulkoasun malli",
  INSTITUTION = "Tietojenkäsittelyopin laitos",
  YEAR        = 1992,
  TYPE        = "Tieteellisen kirjoittamisen kurssiin
                 liittyvä julkaisematon moniste",
  ADDRESS     = "Helsinki"
  }

@ARTICLE{abiteboul,

  AUTHOR  = "Abiteboul, S. and Quass, D. and McHugh, J. and
             Widom, J. and Wiener, J.L.",
  TITLE   = "The Lorel query language for semistructured data",
  JOURNAL = "International Journal on Digital Libraries",
  YEAR    = 1997,
  VOLUME  = 1,
  NUMBER  = 1,
  PAGES   = "68-88",
  NOTE    = "[
             \url{http://link.springer.de/
                  link/service/journals/00799/
                  bibs/7001001/70010068.htm},
             18.1.2000]"
}


@misc{bray,
  AUTHOR = "Bray, T. and Paoli, J. and Sperberg-McQueen, C.M.",
  TITLE  = "{Extensible Markup Language {XML} 1.0. W3C Recommendation 10-February-1998}",
  howpublished    = "[\url{http://www.w3.org/TR/1998/REC-xml-19980210}, 02.11.2016]"
}

@ARTICLE{dietinger,

  AUTHOR  = "Dietinger, T. and others",
  TITLE   = "{Dynamic Background Libraries - New Developments in
             Distance Education Using {HIKS} {Hierarchical Interactive
             Knowledge System}}",
  JOURNAL = "Journal of Universal Computer Science",
  YEAR    = 1999,
  VOLUME  = 5,
  NUMBER  = 1,
  NOTE    = "[\url{http://www.iicm.edu/
                  jucs_5_1/dynamic_background_libraries_new},
              18.1.2000]"
}



@inproceedings{jen_working_2000,
	title = {Working {Group}. {IEEE} recommended practice for architectural description of software-intensive systems},
	booktitle = {{IEEE} {Architecture}},
	publisher = {Citeseer},
	author = {Jen, Lih Ren and Lee, Yuh Jye},
	year = {2000}
}

@book{kruchten2004rational,
  title={The rational unified process: an introduction},
  author={Kruchten, Philippe},
  year={2004},
  publisher={Addison-Wesley Professional}
}


@article{fowler2001agile,
  title={The agile manifesto},
  author={Fowler, Martin and Highsmith, Jim and others},
  journal={Software Development},
  volume={9},
  number={8},
  pages={28--35},
  year={2001},
  publisher={[San Francisco, CA: Miller Freeman, Inc., 1993-}
}

@article{waterman_agility_2018_a,
        title = {Agility, {Risk}, and {Uncertainty}, {Part} 1: {Designing} an {Agile} {Architecture}},
        volume = {35},
        doi = {10.1109/MS.2018.1661335},
        number = {2},
        journal = {IEEE Software},
        author = {Waterman, M.},
        year = {2018},
        pages = {99--101},
        file = {08314169.pdf:/home/jkotimak/Downloads/08314169.pdf:application/pdf}
}
@article{waterman_agility_2018_b,
        title = {Agility, {Risk}, and {Uncertainty}, {Part} 2: {How} {Risk} {Impacts} {Agile} {Architecture}},
        volume = {35},
        doi = {10.1109/MS.2018.2141017},
        number = {3},
        journal = {IEEE Software},
        author = {Waterman, M.},
        year = {2018},
        pages = {18--19},
        file = {08354431.pdf:/home/jkotimak/Downloads/08354431.pdf:application/pdf}
}

@inproceedings{waterman_how_2015,
        series = {{ICSE} '15},
        title = {How {Much} {Up}-{Front}? {A} {Grounded} {Theory} of {Agile} {Architecture}},
        isbn = {978-1-4799-1934-5},
        abstract = {The tension between software architecture and agility is not well understood by agile practitioners or researchers. If an agile software team spends too little time designing architecture up-front then the team faces increased risk and higher chance of failure; if the team spends too much time the delivery of value to the customer is delayed, and responding to change can become extremely difficult. This paper presents a grounded theory of agile architecture that describes how agile software teams answer the question of how much upfront architecture design effort is enough. This theory, based on grounded theory research involving 44 participants, presents six forces that affect the team's context and five strategies that teams use to help them determine how much effort they should put into up-front design.},
        booktitle = {Proceedings of the 37th {International} {Conference} on {Software} {Engineering} - {Volume} 1},
        publisher = {IEEE Press},
        author = {Waterman, Michael and Noble, James and Allan, George},
        year = {2015},
        note = {event-place: Florence, Italy},
        pages = {347--357},
        file = {2818754.2818799.pdf:/home/jkotimak/Downloads/2818754.2818799.pdf:application/pdf}
}

@misc{noauthor_14th_2020,
        title = {14th annual state of agile report},
        url = {https://explore.digital.ai/state-ofagile/14th-annual-state-of-agile-report},
        year = {2020}
}

@techreport{buchmann2012architectural,
  title={Architectural Tactics to support rapid and agile stability},
  author={Buchmann, Felix and Nord, Robert L and Ozakaya, Ipek},
  year={2012},
  institution={Carnegie-Mellon Univ Pittsburgh PA Software Engineering Inst}
}

@article{bellomo2014agilely,
  title={How to agilely architect an agile architecture},
  author={Bellomo, Stephany and Kruchten, Philippe and Nord, Robert L and Ozkaya, Ipek},
  journal={Cutter IT Journal},
  volume={27},
  number={2},
  pages={12--17},
  year={2014}
}

@book{fairbanks2010just,
  title={Just enough software architecture: a risk-driven approach},
  author={Fairbanks, George},
  year={2010},
  publisher={Marshall \& Brainerd}
}

@inproceedings{rost_distilling_2015,
        address = {Cham},
        series = {Lecture {Notes} in {Computer} {Science}},
        title = {Distilling {Best} {Practices} for {Agile} {Development} from {Architecture} {Methodology}: {Experiences} from {Industrial} {Application}},
        copyright = {Springer International Publishing Switzerland 2015},
        isbn = {978-3-319-23726-8},
        abstract = {Agile development and software architecture are not the enemies any more they seemed to be some years ago. It is agreed that agile development needs some form of architecting, too. However, how this architecting should look like is widely unclear. In this paper, we further characterize the relationship of agile development and architecting. We present our key idea to distill practically applicable and accessible architecture best practices from existing architecture approaches and tailor them for agile development. We describe the identification and template-based documentation of architecting best practices and present an example, which were already successfully applied in industry. Additionally, we share experiences we made in industrial development projects regarding the combination of architecting and agile development.},
        language = {eng},
        booktitle = {Software {Architecture}},
        publisher = {Springer International Publishing},
        author = {Rost, Dominik and Weitzel, Balthasar and Naab, Matthias and Lenhart, Torsten and Schmitt, Hartmut},
        year = {2015},
        keywords = {Agile development, Experience report, Software architecture},
        pages = {259--267},
        file = {Rost2015_Chapter_DistillingBestPracticesForAgil.pdf:/home/jkotimak/Downloads/Rost2015_Chapter_DistillingBestPracticesForAgil.pdf:application/pdf}
}

@article{eloranta2015techniques,
  title={Techniques and Practices for Software Architecture Work in Agile Software Development},
  author={Eloranta, Veli-Pekka},
  year={2015},
  publisher={Tampere University of Technology}
}

@book{vogel2011software,
  title={Software architecture: a comprehensive framework and guide for practitioners},
  author={Vogel, Oliver and Arnold, Ingo and Chughtai, Arif and Kehrer, Timo},
  year={2011},
  publisher={Springer Science \& Business Media}
}

@book{babar_agile_2013,
        title = {Agile {Software} {Architecture}: {Aligning} {Agile} {Processes} and {Software} {Architectures}},
        publisher = {Newnes},
        author = {Babar, Muhammad Ali and Brown, Alan W and Mistrík, Ivan},
        year = {2013}
}

@article{reis2011lean,
  title={The lean startup},
  author={Reis, Eric},
  journal={New York: Crown Business},
  volume={27},
  year={2011}
}

@article{abrahamsson2010agility,
  title={Agility and architecture: Can they coexist?},
  author={Abrahamsson, Pekka and Babar, Muhammad Ali and Kruchten, Philippe},
  journal={IEEE Software},
  volume={27},
  number={2},
  pages={16--22},
  year={2010},
  publisher={IEEE}
}

@inproceedings{prause_architectural_2012,
        title = {Architectural design and documentation: {Waste} in agile development?},
        booktitle = {2012 international conference on software and system process (icssp)},
        publisher = {IEEE},
        author = {Prause, Christian R and Durdik, Zoya},
        year = {2012},
        pages = {130--134},
        file = {ICSSP2012-ArchitecturalDesignAndDocumentationWasteInAgile.pdf:/home/jkotimak/Downloads/ICSSP2012-ArchitecturalDesignAndDocumentationWasteInAgile.pdf:application/pdf}
}
